%YAML 1.1
%TAG !u! tag:unity3d.com,2011:
--- !u!1001 &100100000
Prefab:
  m_ObjectHideFlags: 1
  serializedVersion: 2
  m_Modification:
    m_TransformParent: {fileID: 0}
    m_Modifications: []
    m_RemovedComponents: []
  m_ParentPrefab: {fileID: 0}
  m_RootGameObject: {fileID: 1688908782646532}
  m_IsPrefabParent: 1
--- !u!1 &1688908782646532
GameObject:
  m_ObjectHideFlags: 0
  m_PrefabParentObject: {fileID: 0}
  m_PrefabInternal: {fileID: 100100000}
  serializedVersion: 5
  m_Component:
  - component: {fileID: 4259815214635912}
  - component: {fileID: 114295947107314616}
  - component: {fileID: 58824391893856008}
  - component: {fileID: 114020507401653154}
  - component: {fileID: 114760322984025244}
  m_Layer: 9
  m_Name: Werewolf
  m_TagString: Untagged
  m_Icon: {fileID: 0}
  m_NavMeshLayer: 0
  m_StaticEditorFlags: 0
  m_IsActive: 1
--- !u!1 &1747530052200510
GameObject:
  m_ObjectHideFlags: 0
  m_PrefabParentObject: {fileID: 0}
  m_PrefabInternal: {fileID: 100100000}
  serializedVersion: 5
  m_Component:
  - component: {fileID: 4766093371716486}
  - component: {fileID: 212962593926161776}
  - component: {fileID: 95691355353408600}
  - component: {fileID: 114305091624468304}
  m_Layer: 9
  m_Name: werewolfChar
  m_TagString: Untagged
  m_Icon: {fileID: 0}
  m_NavMeshLayer: 0
  m_StaticEditorFlags: 0
  m_IsActive: 1
--- !u!4 &4259815214635912
Transform:
  m_ObjectHideFlags: 1
  m_PrefabParentObject: {fileID: 0}
  m_PrefabInternal: {fileID: 100100000}
  m_GameObject: {fileID: 1688908782646532}
  m_LocalRotation: {x: 0, y: 0, z: 0, w: 1}
  m_LocalPosition: {x: 3225.998, y: 845.7194, z: 0}
  m_LocalScale: {x: 1, y: 1, z: 1}
  m_Children:
  - {fileID: 4766093371716486}
  m_Father: {fileID: 0}
  m_RootOrder: 0
  m_LocalEulerAnglesHint: {x: 0, y: 0, z: 0}
--- !u!4 &4766093371716486
Transform:
  m_ObjectHideFlags: 1
  m_PrefabParentObject: {fileID: 0}
  m_PrefabInternal: {fileID: 100100000}
  m_GameObject: {fileID: 1747530052200510}
  m_LocalRotation: {x: -0, y: -0, z: -0, w: 1}
  m_LocalPosition: {x: 0, y: 0, z: 0}
  m_LocalScale: {x: 22.960142, y: 22.96014, z: 22.96014}
  m_Children: []
  m_Father: {fileID: 4259815214635912}
  m_RootOrder: 0
  m_LocalEulerAnglesHint: {x: 0, y: 0, z: 0}
--- !u!58 &58824391893856008
CircleCollider2D:
  m_ObjectHideFlags: 1
  m_PrefabParentObject: {fileID: 0}
  m_PrefabInternal: {fileID: 100100000}
  m_GameObject: {fileID: 1688908782646532}
  m_Enabled: 1
  m_Density: 1
  m_Material: {fileID: 0}
  m_IsTrigger: 0
  m_UsedByEffector: 0
  m_UsedByComposite: 0
  m_Offset: {x: -0.30200195, y: 0.043151855}
  serializedVersion: 2
  m_Radius: 4.322506
--- !u!95 &95691355353408600
Animator:
  serializedVersion: 3
  m_ObjectHideFlags: 1
  m_PrefabParentObject: {fileID: 0}
  m_PrefabInternal: {fileID: 100100000}
  m_GameObject: {fileID: 1747530052200510}
  m_Enabled: 1
  m_Avatar: {fileID: 0}
  m_Controller: {fileID: 9100000, guid: 2bbcaa8b9a1416247806ecf8439f335b, type: 2}
  m_CullingMode: 0
  m_UpdateMode: 0
  m_ApplyRootMotion: 0
  m_LinearVelocityBlending: 0
  m_WarningMessage: 
  m_HasTransformHierarchy: 1
  m_AllowConstantClipSamplingOptimization: 1
--- !u!114 &114020507401653154
MonoBehaviour:
  m_ObjectHideFlags: 1
  m_PrefabParentObject: {fileID: 0}
  m_PrefabInternal: {fileID: 100100000}
  m_GameObject: {fileID: 1688908782646532}
  m_Enabled: 1
  m_EditorHideFlags: 0
  m_Script: {fileID: 11500000, guid: d2d3fa21260920d4b8999d2922bac3ce, type: 3}
  m_Name: 
  m_EditorClassIdentifier: 
  VialHitSFX: {fileID: 8300000, guid: 1c3053f2e25970c488eba88b902a79a5, type: 3}
  HowlFX: {fileID: 8300000, guid: 805939ef2d29fb149a8817ca7bee2bfa, type: 3}
  Health:
    Max: 80
    Current: 80
  Speed: 40
  Damage: 35
  INIT_DAMAGE: 35
  INIT_HEALTH: 80
  IsAlive: 1
  IsConfused: 0
  IsPoisoned: 0
  EffectsMixer: {fileID: 243991815801532230, guid: 4cbe6794dcba7cf4eb6694328628b3a9,
    type: 2}
  DamageTakenSFX: {fileID: 0}
  WalkingSFX: {fileID: 8300000, guid: 8982aeb03322afd42947badd95b1c3c9, type: 3}
  Animator: {fileID: 0}
  werewolfDieSFX: {fileID: 8300000, guid: 4cfbfc380465a634e98061fa7844cba2, type: 3}
  dontResetAtTheEndOfTheDay: 0
  _recipeBookManager: {fileID: 0}
  isWerewolf: 1
  isFrog: 0
  regentDropChance: 1
--- !u!114 &114295947107314616
MonoBehaviour:
  m_ObjectHideFlags: 1
  m_PrefabParentObject: {fileID: 0}
  m_PrefabInternal: {fileID: 100100000}
  m_GameObject: {fileID: 1688908782646532}
  m_Enabled: 1
  m_EditorHideFlags: 0
  m_Script: {fileID: 11500000, guid: 65b7a1e85bf9fb34490b8f7b202c694c, type: 3}
  m_Name: 
  m_EditorClassIdentifier: 
  lookAtPlayer: 1
  conciousTimer: -1
--- !u!114 &114305091624468304
MonoBehaviour:
  m_ObjectHideFlags: 1
  m_PrefabParentObject: {fileID: 0}
  m_PrefabInternal: {fileID: 100100000}
  m_GameObject: {fileID: 1747530052200510}
  m_Enabled: 1
  m_EditorHideFlags: 0
  m_Script: {fileID: 11500000, guid: 3ddb07d6bcec3cd47a8a03b8604b2a61, type: 3}
  m_Name: 
  m_EditorClassIdentifier: 
  liveUpdate: 1
--- !u!114 &114760322984025244
MonoBehaviour:
  m_ObjectHideFlags: 1
  m_PrefabParentObject: {fileID: 0}
  m_PrefabInternal: {fileID: 100100000}
  m_GameObject: {fileID: 1688908782646532}
  m_Enabled: 1
  m_EditorHideFlags: 0
  m_Script: {fileID: 11500000, guid: fce387ecfc5d7894b91edc791297f651, type: 3}
  m_Name: 
  m_EditorClassIdentifier: 
  Speed: 40
  LinecastAngle: 45
  LinecastSteps: 10
  lookAtMovingDirection: 1
  charObject: {fileID: 1747530052200510}
--- !u!212 &212962593926161776
SpriteRenderer:
  m_ObjectHideFlags: 1
  m_PrefabParentObject: {fileID: 0}
  m_PrefabInternal: {fileID: 100100000}
  m_GameObject: {fileID: 1747530052200510}
  m_Enabled: 1
  m_CastShadows: 0
  m_ReceiveShadows: 0
  m_MotionVectors: 1
  m_LightProbeUsage: 1
  m_ReflectionProbeUsage: 1
  m_Materials:
  - {fileID: 10754, guid: 0000000000000000f000000000000000, type: 0}
  m_StaticBatchInfo:
    firstSubMesh: 0
    subMeshCount: 0
  m_StaticBatchRoot: {fileID: 0}
  m_ProbeAnchor: {fileID: 0}
  m_LightProbeVolumeOverride: {fileID: 0}
  m_ScaleInLightmap: 1
  m_PreserveUVs: 0
  m_IgnoreNormalsForChartDetection: 0
  m_ImportantGI: 0
  m_SelectedEditorRenderState: 0
  m_MinimumChartSize: 4
  m_AutoUVMaxDistance: 0.5
  m_AutoUVMaxAngle: 89
  m_LightmapParameters: {fileID: 0}
  m_SortingLayerID: 352558161
  m_SortingLayer: 3
  m_SortingOrder: 154
  m_Sprite: {fileID: 21300000, guid: fe2dc215bcba0524885fe7244ca1b207, type: 3}
  m_Color: {r: 1, g: 1, b: 1, a: 1}
  m_FlipX: 0
  m_FlipY: 0
  m_DrawMode: 0
  m_Size: {x: 0.5, y: 0.5}
  m_AdaptiveModeThreshold: 0.5
  m_SpriteTileMode: 0
  m_WasSpriteAssigned: 1
  m_MaskInteraction: 0
