%YAML 1.1
%TAG !u! tag:unity3d.com,2011:
--- !u!1001 &100100000
Prefab:
  m_ObjectHideFlags: 1
  serializedVersion: 2
  m_Modification:
    m_TransformParent: {fileID: 0}
    m_Modifications: []
    m_RemovedComponents: []
  m_ParentPrefab: {fileID: 0}
  m_RootGameObject: {fileID: 1281217673841390}
  m_IsPrefabParent: 1
--- !u!1 &1005208903027582
GameObject:
  m_ObjectHideFlags: 0
  m_PrefabParentObject: {fileID: 0}
  m_PrefabInternal: {fileID: 100100000}
  serializedVersion: 5
  m_Component:
  - component: {fileID: 4629811598193008}
  - component: {fileID: 114482540197199996}
  m_Layer: 0
  m_Name: RandomizableCircle (5)
  m_TagString: Untagged
  m_Icon: {fileID: 0}
  m_NavMeshLayer: 0
  m_StaticEditorFlags: 0
  m_IsActive: 1
--- !u!1 &1202765211114130
GameObject:
  m_ObjectHideFlags: 0
  m_PrefabParentObject: {fileID: 0}
  m_PrefabInternal: {fileID: 100100000}
  serializedVersion: 5
  m_Component:
  - component: {fileID: 4893500705599356}
  m_Layer: 0
  m_Name: ForestBorder
  m_TagString: Untagged
  m_Icon: {fileID: 0}
  m_NavMeshLayer: 0
  m_StaticEditorFlags: 0
  m_IsActive: 1
--- !u!1 &1247556625745030
GameObject:
  m_ObjectHideFlags: 0
  m_PrefabParentObject: {fileID: 0}
  m_PrefabInternal: {fileID: 100100000}
  serializedVersion: 5
  m_Component:
  - component: {fileID: 4676934482861318}
  m_Layer: 0
  m_Name: ENTRY_POINTS
  m_TagString: Untagged
  m_Icon: {fileID: 0}
  m_NavMeshLayer: 0
  m_StaticEditorFlags: 0
  m_IsActive: 1
--- !u!1 &1250363990793448
GameObject:
  m_ObjectHideFlags: 0
  m_PrefabParentObject: {fileID: 0}
  m_PrefabInternal: {fileID: 100100000}
  serializedVersion: 5
  m_Component:
  - component: {fileID: 4407543579193648}
  - component: {fileID: 114202913599456264}
  m_Layer: 0
  m_Name: RandomizableCircle
  m_TagString: Untagged
  m_Icon: {fileID: 0}
  m_NavMeshLayer: 0
  m_StaticEditorFlags: 0
  m_IsActive: 1
--- !u!1 &1281217673841390
GameObject:
  m_ObjectHideFlags: 0
  m_PrefabParentObject: {fileID: 0}
  m_PrefabInternal: {fileID: 100100000}
  serializedVersion: 5
  m_Component:
  - component: {fileID: 4345028564740764}
  m_Layer: 0
  m_Name: Forest
  m_TagString: Untagged
  m_Icon: {fileID: 0}
  m_NavMeshLayer: 0
  m_StaticEditorFlags: 0
  m_IsActive: 1
--- !u!1 &1336807760512984
GameObject:
  m_ObjectHideFlags: 0
  m_PrefabParentObject: {fileID: 0}
  m_PrefabInternal: {fileID: 100100000}
  serializedVersion: 5
  m_Component:
  - component: {fileID: 4036312036054858}
  - component: {fileID: 114926275479464790}
  m_Layer: 0
  m_Name: RandomizableCircle (4)
  m_TagString: Untagged
  m_Icon: {fileID: 0}
  m_NavMeshLayer: 0
  m_StaticEditorFlags: 0
  m_IsActive: 1
--- !u!1 &1383431188630204
GameObject:
  m_ObjectHideFlags: 0
  m_PrefabParentObject: {fileID: 0}
  m_PrefabInternal: {fileID: 100100000}
  serializedVersion: 5
  m_Component:
  - component: {fileID: 4885549766724438}
  - component: {fileID: 212853290063939830}
  - component: {fileID: 114896457741519166}
  m_Layer: 0
  m_Name: Ground
  m_TagString: Untagged
  m_Icon: {fileID: 0}
  m_NavMeshLayer: 0
  m_StaticEditorFlags: 0
  m_IsActive: 1
--- !u!1 &1421244827830302
GameObject:
  m_ObjectHideFlags: 0
  m_PrefabParentObject: {fileID: 0}
  m_PrefabInternal: {fileID: 100100000}
  serializedVersion: 5
  m_Component:
  - component: {fileID: 4680174851814680}
  - component: {fileID: 114943897636286626}
  m_Layer: 0
  m_Name: RandomizableCircle (8)
  m_TagString: Untagged
  m_Icon: {fileID: 0}
  m_NavMeshLayer: 0
  m_StaticEditorFlags: 0
  m_IsActive: 1
--- !u!1 &1450301884620252
GameObject:
  m_ObjectHideFlags: 1
  m_PrefabParentObject: {fileID: 0}
  m_PrefabInternal: {fileID: 100100000}
  serializedVersion: 5
  m_Component:
  - component: {fileID: 4620554540555824}
  - component: {fileID: 212189404108737234}
  - component: {fileID: 61815352098558742}
  - component: {fileID: 114753918595939178}
  m_Layer: 0
  m_Name: From_To_Town
  m_TagString: Untagged
  m_Icon: {fileID: 0}
  m_NavMeshLayer: 0
  m_StaticEditorFlags: 0
  m_IsActive: 1
--- !u!1 &1495651047827980
GameObject:
  m_ObjectHideFlags: 1
  m_PrefabParentObject: {fileID: 0}
  m_PrefabInternal: {fileID: 100100000}
  serializedVersion: 5
  m_Component:
  - component: {fileID: 4024678997932320}
  m_Layer: 0
  m_Name: Spawn
  m_TagString: Untagged
  m_Icon: {fileID: 0}
  m_NavMeshLayer: 0
  m_StaticEditorFlags: 0
  m_IsActive: 1
--- !u!1 &1523797558344178
GameObject:
  m_ObjectHideFlags: 0
  m_PrefabParentObject: {fileID: 0}
  m_PrefabInternal: {fileID: 100100000}
  serializedVersion: 5
  m_Component:
  - component: {fileID: 4398258857095488}
  - component: {fileID: 114678163732355802}
  m_Layer: 0
  m_Name: RandomizableCircle (6)
  m_TagString: Untagged
  m_Icon: {fileID: 0}
  m_NavMeshLayer: 0
  m_StaticEditorFlags: 0
  m_IsActive: 1
--- !u!1 &1821572324686284
GameObject:
  m_ObjectHideFlags: 0
  m_PrefabParentObject: {fileID: 0}
  m_PrefabInternal: {fileID: 100100000}
  serializedVersion: 5
  m_Component:
  - component: {fileID: 4797819965216974}
  - component: {fileID: 114158650108673870}
  - component: {fileID: 61961477254008502}
  - component: {fileID: 61892787229478982}
  - component: {fileID: 61926609838607092}
  - component: {fileID: 61558287030995516}
  m_Layer: 0
  m_Name: RandomizableRectBorder
  m_TagString: Untagged
  m_Icon: {fileID: 0}
  m_NavMeshLayer: 0
  m_StaticEditorFlags: 0
  m_IsActive: 1
--- !u!1 &1843896509040356
GameObject:
  m_ObjectHideFlags: 0
  m_PrefabParentObject: {fileID: 0}
  m_PrefabInternal: {fileID: 100100000}
  serializedVersion: 5
  m_Component:
  - component: {fileID: 4614588753410898}
  - component: {fileID: 114561376686082220}
  m_Layer: 0
  m_Name: RandomizableCircle (2)
  m_TagString: Untagged
  m_Icon: {fileID: 0}
  m_NavMeshLayer: 0
  m_StaticEditorFlags: 0
  m_IsActive: 1
--- !u!1 &1868081955489718
GameObject:
  m_ObjectHideFlags: 0
  m_PrefabParentObject: {fileID: 0}
  m_PrefabInternal: {fileID: 100100000}
  serializedVersion: 5
  m_Component:
  - component: {fileID: 4556545390848966}
  - component: {fileID: 114577624619106030}
  m_Layer: 0
  m_Name: PostProcessVolume
  m_TagString: Untagged
  m_Icon: {fileID: 0}
  m_NavMeshLayer: 0
  m_StaticEditorFlags: 0
  m_IsActive: 1
--- !u!1 &1880823556081214
GameObject:
  m_ObjectHideFlags: 0
  m_PrefabParentObject: {fileID: 0}
  m_PrefabInternal: {fileID: 100100000}
  serializedVersion: 5
  m_Component:
  - component: {fileID: 4494104432858766}
  - component: {fileID: 114546086782537224}
  m_Layer: 0
  m_Name: RandomizableCircle (1)
  m_TagString: Untagged
  m_Icon: {fileID: 0}
  m_NavMeshLayer: 0
  m_StaticEditorFlags: 0
  m_IsActive: 1
--- !u!1 &1902878191876560
GameObject:
  m_ObjectHideFlags: 0
  m_PrefabParentObject: {fileID: 0}
  m_PrefabInternal: {fileID: 100100000}
  serializedVersion: 5
  m_Component:
  - component: {fileID: 4823005981401478}
  - component: {fileID: 114476148273394350}
  m_Layer: 0
  m_Name: RandomizableCircle (7)
  m_TagString: Untagged
  m_Icon: {fileID: 0}
  m_NavMeshLayer: 0
  m_StaticEditorFlags: 0
  m_IsActive: 1
--- !u!1 &1932699681080594
GameObject:
  m_ObjectHideFlags: 0
  m_PrefabParentObject: {fileID: 0}
  m_PrefabInternal: {fileID: 100100000}
  serializedVersion: 5
  m_Component:
  - component: {fileID: 4315666137883250}
  - component: {fileID: 114891391335270836}
  m_Layer: 0
  m_Name: RandomizableCircle (3)
  m_TagString: Untagged
  m_Icon: {fileID: 0}
  m_NavMeshLayer: 0
  m_StaticEditorFlags: 0
  m_IsActive: 1
--- !u!1 &1963895407697788
GameObject:
  m_ObjectHideFlags: 0
  m_PrefabParentObject: {fileID: 0}
  m_PrefabInternal: {fileID: 100100000}
  serializedVersion: 5
  m_Component:
  - component: {fileID: 4512482667305140}
  - component: {fileID: 114414092711452220}
  m_Layer: 0
  m_Name: PostProcessVolume (1)
  m_TagString: Untagged
  m_Icon: {fileID: 0}
  m_NavMeshLayer: 0
  m_StaticEditorFlags: 0
  m_IsActive: 1
--- !u!4 &4024678997932320
Transform:
  m_ObjectHideFlags: 1
  m_PrefabParentObject: {fileID: 0}
  m_PrefabInternal: {fileID: 100100000}
  m_GameObject: {fileID: 1495651047827980}
  m_LocalRotation: {x: 0, y: 0, z: 0, w: 1}
  m_LocalPosition: {x: -0, y: -0.399, z: 0}
  m_LocalScale: {x: 1, y: 1, z: 1}
  m_Children: []
  m_Father: {fileID: 4620554540555824}
  m_RootOrder: 0
  m_LocalEulerAnglesHint: {x: 0, y: 0, z: 0}
--- !u!4 &4036312036054858
Transform:
  m_ObjectHideFlags: 1
  m_PrefabParentObject: {fileID: 0}
  m_PrefabInternal: {fileID: 100100000}
  m_GameObject: {fileID: 1336807760512984}
  m_LocalRotation: {x: -0, y: -0, z: -0, w: 1}
  m_LocalPosition: {x: 88.6, y: 16, z: 0}
  m_LocalScale: {x: 1, y: 1, z: 1}
  m_Children: []
  m_Father: {fileID: 4345028564740764}
  m_RootOrder: 8
  m_LocalEulerAnglesHint: {x: 0, y: 0, z: 0}
--- !u!4 &4315666137883250
Transform:
  m_ObjectHideFlags: 1
  m_PrefabParentObject: {fileID: 0}
  m_PrefabInternal: {fileID: 100100000}
  m_GameObject: {fileID: 1932699681080594}
  m_LocalRotation: {x: -0, y: -0, z: -0, w: 1}
  m_LocalPosition: {x: -24, y: -184.3, z: 0}
  m_LocalScale: {x: 1, y: 1, z: 1}
  m_Children: []
  m_Father: {fileID: 4345028564740764}
  m_RootOrder: 7
  m_LocalEulerAnglesHint: {x: 0, y: 0, z: 0}
--- !u!4 &4345028564740764
Transform:
  m_ObjectHideFlags: 1
  m_PrefabParentObject: {fileID: 0}
  m_PrefabInternal: {fileID: 100100000}
  m_GameObject: {fileID: 1281217673841390}
  m_LocalRotation: {x: 0, y: 0, z: 0, w: 1}
  m_LocalPosition: {x: 3014, y: 912, z: 0}
  m_LocalScale: {x: 1, y: 1, z: 1}
  m_Children:
  - {fileID: 4893500705599356}
  - {fileID: 4676934482861318}
  - {fileID: 4885549766724438}
  - {fileID: 4797819965216974}
  - {fileID: 4407543579193648}
  - {fileID: 4494104432858766}
  - {fileID: 4614588753410898}
  - {fileID: 4315666137883250}
  - {fileID: 4036312036054858}
  - {fileID: 4629811598193008}
  - {fileID: 4398258857095488}
  - {fileID: 4823005981401478}
  - {fileID: 4680174851814680}
  - {fileID: 4556545390848966}
  - {fileID: 4512482667305140}
  m_Father: {fileID: 0}
  m_RootOrder: 0
  m_LocalEulerAnglesHint: {x: 0, y: 0, z: 0}
--- !u!4 &4398258857095488
Transform:
  m_ObjectHideFlags: 1
  m_PrefabParentObject: {fileID: 0}
  m_PrefabInternal: {fileID: 100100000}
  m_GameObject: {fileID: 1523797558344178}
  m_LocalRotation: {x: -0, y: -0, z: -0, w: 1}
  m_LocalPosition: {x: 276.7, y: -26.3, z: 0}
  m_LocalScale: {x: 1, y: 1, z: 1}
  m_Children: []
  m_Father: {fileID: 4345028564740764}
  m_RootOrder: 10
  m_LocalEulerAnglesHint: {x: 0, y: 0, z: 0}
--- !u!4 &4407543579193648
Transform:
  m_ObjectHideFlags: 1
  m_PrefabParentObject: {fileID: 0}
  m_PrefabInternal: {fileID: 100100000}
  m_GameObject: {fileID: 1250363990793448}
  m_LocalRotation: {x: 0, y: 0, z: 0, w: 1}
  m_LocalPosition: {x: -417, y: 13.3, z: 0}
  m_LocalScale: {x: 1, y: 1, z: 1}
  m_Children: []
  m_Father: {fileID: 4345028564740764}
  m_RootOrder: 4
  m_LocalEulerAnglesHint: {x: 0, y: 0, z: 0}
--- !u!4 &4494104432858766
Transform:
  m_ObjectHideFlags: 1
  m_PrefabParentObject: {fileID: 0}
  m_PrefabInternal: {fileID: 100100000}
  m_GameObject: {fileID: 1880823556081214}
  m_LocalRotation: {x: -0, y: -0, z: -0, w: 1}
  m_LocalPosition: {x: -290.5, y: -191.5, z: 0}
  m_LocalScale: {x: 1, y: 1, z: 1}
  m_Children: []
  m_Father: {fileID: 4345028564740764}
  m_RootOrder: 5
  m_LocalEulerAnglesHint: {x: 0, y: 0, z: 0}
--- !u!4 &4512482667305140
Transform:
  m_ObjectHideFlags: 1
  m_PrefabParentObject: {fileID: 0}
  m_PrefabInternal: {fileID: 100100000}
  m_GameObject: {fileID: 1963895407697788}
  m_LocalRotation: {x: -0, y: -0, z: -0, w: 1}
  m_LocalPosition: {x: -3254, y: -1094, z: 0}
  m_LocalScale: {x: 1, y: 1, z: 1}
  m_Children: []
  m_Father: {fileID: 4345028564740764}
  m_RootOrder: 14
  m_LocalEulerAnglesHint: {x: 0, y: 0, z: 0}
--- !u!4 &4556545390848966
Transform:
  m_ObjectHideFlags: 1
  m_PrefabParentObject: {fileID: 0}
  m_PrefabInternal: {fileID: 100100000}
  m_GameObject: {fileID: 1868081955489718}
  m_LocalRotation: {x: 0, y: 0, z: 0, w: 1}
  m_LocalPosition: {x: -603, y: -394, z: 0}
  m_LocalScale: {x: 1, y: 1, z: 1}
  m_Children: []
  m_Father: {fileID: 4345028564740764}
  m_RootOrder: 13
  m_LocalEulerAnglesHint: {x: 0, y: 0, z: 0}
--- !u!4 &4614588753410898
Transform:
  m_ObjectHideFlags: 1
  m_PrefabParentObject: {fileID: 0}
  m_PrefabInternal: {fileID: 100100000}
  m_GameObject: {fileID: 1843896509040356}
  m_LocalRotation: {x: -0, y: -0, z: -0, w: 1}
  m_LocalPosition: {x: -165, y: 14, z: 0}
  m_LocalScale: {x: 1, y: 1, z: 1}
  m_Children: []
  m_Father: {fileID: 4345028564740764}
  m_RootOrder: 6
  m_LocalEulerAnglesHint: {x: 0, y: 0, z: 0}
--- !u!4 &4620554540555824
Transform:
  m_ObjectHideFlags: 1
  m_PrefabParentObject: {fileID: 0}
  m_PrefabInternal: {fileID: 100100000}
  m_GameObject: {fileID: 1450301884620252}
  m_LocalRotation: {x: 0, y: 0, z: 0.7071068, w: 0.7071068}
  m_LocalPosition: {x: 2488, y: 812, z: 0}
  m_LocalScale: {x: 67.63756, y: 67.63756, z: 67.63756}
  m_Children:
  - {fileID: 4024678997932320}
  m_Father: {fileID: 4676934482861318}
  m_RootOrder: 0
  m_LocalEulerAnglesHint: {x: 0, y: 0, z: 90}
--- !u!4 &4629811598193008
Transform:
  m_ObjectHideFlags: 1
  m_PrefabParentObject: {fileID: 0}
  m_PrefabInternal: {fileID: 100100000}
  m_GameObject: {fileID: 1005208903027582}
  m_LocalRotation: {x: -0, y: -0, z: -0, w: 1}
  m_LocalPosition: {x: 228, y: -199, z: 0}
  m_LocalScale: {x: 1, y: 1, z: 1}
  m_Children: []
  m_Father: {fileID: 4345028564740764}
  m_RootOrder: 9
  m_LocalEulerAnglesHint: {x: 0, y: 0, z: 0}
--- !u!4 &4676934482861318
Transform:
  m_ObjectHideFlags: 1
  m_PrefabParentObject: {fileID: 0}
  m_PrefabInternal: {fileID: 100100000}
  m_GameObject: {fileID: 1247556625745030}
  m_LocalRotation: {x: -0, y: -0, z: -0, w: 1}
  m_LocalPosition: {x: -3014, y: -912, z: 0}
  m_LocalScale: {x: 1, y: 1, z: 1}
  m_Children:
  - {fileID: 4620554540555824}
  m_Father: {fileID: 4345028564740764}
  m_RootOrder: 1
  m_LocalEulerAnglesHint: {x: 0, y: 0, z: 0}
--- !u!4 &4680174851814680
Transform:
  m_ObjectHideFlags: 1
  m_PrefabParentObject: {fileID: 0}
  m_PrefabInternal: {fileID: 100100000}
  m_GameObject: {fileID: 1421244827830302}
  m_LocalRotation: {x: -0, y: -0, z: -0, w: 1}
  m_LocalPosition: {x: -469.9, y: -222, z: 0}
  m_LocalScale: {x: 1, y: 1, z: 1}
  m_Children: []
  m_Father: {fileID: 4345028564740764}
  m_RootOrder: 12
  m_LocalEulerAnglesHint: {x: 0, y: 0, z: 0}
--- !u!4 &4797819965216974
Transform:
  m_ObjectHideFlags: 1
  m_PrefabParentObject: {fileID: 0}
  m_PrefabInternal: {fileID: 100100000}
  m_GameObject: {fileID: 1821572324686284}
  m_LocalRotation: {x: -0, y: -0, z: -0, w: 1}
  m_LocalPosition: {x: -97, y: -120, z: 0}
  m_LocalScale: {x: 1, y: 1, z: 1}
  m_Children: []
  m_Father: {fileID: 4345028564740764}
  m_RootOrder: 3
  m_LocalEulerAnglesHint: {x: 0, y: 0, z: 0}
--- !u!4 &4823005981401478
Transform:
  m_ObjectHideFlags: 1
  m_PrefabParentObject: {fileID: 0}
  m_PrefabInternal: {fileID: 100100000}
  m_GameObject: {fileID: 1902878191876560}
  m_LocalRotation: {x: -0, y: -0, z: -0, w: 1}
  m_LocalPosition: {x: 296.5, y: 76.2, z: 0}
  m_LocalScale: {x: 1, y: 1, z: 1}
  m_Children: []
  m_Father: {fileID: 4345028564740764}
  m_RootOrder: 11
  m_LocalEulerAnglesHint: {x: 0, y: 0, z: 0}
--- !u!4 &4885549766724438
Transform:
  m_ObjectHideFlags: 1
  m_PrefabParentObject: {fileID: 0}
  m_PrefabInternal: {fileID: 100100000}
  m_GameObject: {fileID: 1383431188630204}
  m_LocalRotation: {x: -0, y: -0, z: -0, w: 1}
  m_LocalPosition: {x: -84.4, y: -88.9, z: 0}
  m_LocalScale: {x: 10, y: 10, z: 0}
  m_Children: []
  m_Father: {fileID: 4345028564740764}
  m_RootOrder: 2
  m_LocalEulerAnglesHint: {x: 0, y: 0, z: 0}
--- !u!4 &4893500705599356
Transform:
  m_ObjectHideFlags: 1
  m_PrefabParentObject: {fileID: 0}
  m_PrefabInternal: {fileID: 100100000}
  m_GameObject: {fileID: 1202765211114130}
  m_LocalRotation: {x: 0, y: 0, z: 0, w: 1}
  m_LocalPosition: {x: 0, y: 0, z: 0}
  m_LocalScale: {x: 1, y: 1, z: 1}
  m_Children: []
  m_Father: {fileID: 4345028564740764}
  m_RootOrder: 0
  m_LocalEulerAnglesHint: {x: 0, y: 0, z: 0}
--- !u!61 &61558287030995516
BoxCollider2D:
  m_ObjectHideFlags: 1
  m_PrefabParentObject: {fileID: 0}
  m_PrefabInternal: {fileID: 100100000}
  m_GameObject: {fileID: 1821572324686284}
  m_Enabled: 1
  m_Density: 1
  m_Material: {fileID: 0}
  m_IsTrigger: 0
  m_UsedByEffector: 0
  m_UsedByComposite: 0
  m_Offset: {x: 502.27686, y: 36.752045}
  m_SpriteTilingProperty:
    border: {x: 0, y: 0, z: 0, w: 0}
    pivot: {x: 0, y: 0}
    oldSize: {x: 0, y: 0}
    newSize: {x: 0, y: 0}
    adaptiveTilingThreshold: 0
    drawMode: 0
    adaptiveTiling: 0
  m_AutoTiling: 0
  serializedVersion: 2
  m_Size: {x: 83.23193, y: 640.1585}
  m_EdgeRadius: 0
--- !u!61 &61815352098558742
BoxCollider2D:
  m_ObjectHideFlags: 1
  m_PrefabParentObject: {fileID: 0}
  m_PrefabInternal: {fileID: 100100000}
  m_GameObject: {fileID: 1450301884620252}
  m_Enabled: 1
  m_Density: 1
  m_Material: {fileID: 0}
  m_IsTrigger: 1
  m_UsedByEffector: 0
  m_UsedByComposite: 0
  m_Offset: {x: -0.01, y: 0}
  m_SpriteTilingProperty:
    border: {x: 0, y: 0, z: 0, w: 0}
    pivot: {x: 0.5, y: 0.5}
    oldSize: {x: 0.25, y: 0.25}
    newSize: {x: 0.2, y: 0.2}
    adaptiveTilingThreshold: 0.5
    drawMode: 0
    adaptiveTiling: 0
  m_AutoTiling: 0
  serializedVersion: 2
  m_Size: {x: 0.2, y: 0.09118871}
  m_EdgeRadius: 0
--- !u!61 &61892787229478982
BoxCollider2D:
  m_ObjectHideFlags: 1
  m_PrefabParentObject: {fileID: 0}
  m_PrefabInternal: {fileID: 100100000}
  m_GameObject: {fileID: 1821572324686284}
  m_Enabled: 1
  m_Density: 1
  m_Material: {fileID: 0}
  m_IsTrigger: 0
  m_UsedByEffector: 0
  m_UsedByComposite: 0
  m_Offset: {x: -1.0627441, y: -310.68045}
  m_SpriteTilingProperty:
    border: {x: 0, y: 0, z: 0, w: 0}
    pivot: {x: 0, y: 0}
    oldSize: {x: 0, y: 0}
    newSize: {x: 0, y: 0}
    adaptiveTilingThreshold: 0
    drawMode: 0
    adaptiveTiling: 0
  m_AutoTiling: 0
  serializedVersion: 2
  m_Size: {x: 996.4326, y: 78.91315}
  m_EdgeRadius: 0
--- !u!61 &61926609838607092
BoxCollider2D:
  m_ObjectHideFlags: 1
  m_PrefabParentObject: {fileID: 0}
  m_PrefabInternal: {fileID: 100100000}
  m_GameObject: {fileID: 1821572324686284}
  m_Enabled: 1
  m_Density: 1
  m_Material: {fileID: 0}
  m_IsTrigger: 0
  m_UsedByEffector: 0
  m_UsedByComposite: 0
  m_Offset: {x: -494.40845, y: 36.752045}
  m_SpriteTilingProperty:
    border: {x: 0, y: 0, z: 0, w: 0}
    pivot: {x: 0, y: 0}
    oldSize: {x: 0, y: 0}
    newSize: {x: 0, y: 0}
    adaptiveTilingThreshold: 0
    drawMode: 0
    adaptiveTiling: 0
  m_AutoTiling: 0
  serializedVersion: 2
  m_Size: {x: 76.55762, y: 640.1585}
  m_EdgeRadius: 0
--- !u!61 &61961477254008502
BoxCollider2D:
  m_ObjectHideFlags: 1
  m_PrefabParentObject: {fileID: 0}
  m_PrefabInternal: {fileID: 100100000}
  m_GameObject: {fileID: 1821572324686284}
  m_Enabled: 1
  m_Density: 1
  m_Material: {fileID: 0}
  m_IsTrigger: 0
  m_UsedByEffector: 0
  m_UsedByComposite: 0
  m_Offset: {x: -1.0627441, y: 312.8994}
  m_SpriteTilingProperty:
    border: {x: 0, y: 0, z: 0, w: 0}
    pivot: {x: 0, y: 0}
    oldSize: {x: 0, y: 0}
    newSize: {x: 0, y: 0}
    adaptiveTilingThreshold: 0
    drawMode: 0
    adaptiveTiling: 0
  m_AutoTiling: 0
  serializedVersion: 2
  m_Size: {x: 996.4326, y: 87.86377}
  m_EdgeRadius: 0
--- !u!114 &114158650108673870
MonoBehaviour:
  m_ObjectHideFlags: 1
  m_PrefabParentObject: {fileID: 0}
  m_PrefabInternal: {fileID: 100100000}
  m_GameObject: {fileID: 1821572324686284}
  m_Enabled: 1
  m_EditorHideFlags: 0
  m_Script: {fileID: 11500000, guid: ec215e790f864ef429c3fe8a3f628b85, type: 3}
  m_Name: 
  m_EditorClassIdentifier: 
  rectWidth: 885.5
  rectHeight: 507.5
  borderThickness: 25
  ItemRadius: 10
  MaxTries: 20
  listOfPrefabs:
  - {fileID: 1367411372606592, guid: 3b4d7364c8d69104db84e9b5f760d475, type: 2}
  - {fileID: 1477951836158490, guid: 1d15154afd6a1374ab67a1eddee879c8, type: 2}
  generatedObjects: []
--- !u!114 &114202913599456264
MonoBehaviour:
  m_ObjectHideFlags: 1
  m_PrefabParentObject: {fileID: 0}
  m_PrefabInternal: {fileID: 100100000}
  m_GameObject: {fileID: 1250363990793448}
  m_Enabled: 1
  m_EditorHideFlags: 0
  m_Script: {fileID: 11500000, guid: be8153205f098a140a8fe13b18292ed4, type: 3}
  m_Name: 
  m_EditorClassIdentifier: 
  Radius: 105
  ItemRadius: 6
  MaxTries: 10
  listOfPrefabs:
  - {fileID: 1477951836158490, guid: 1d15154afd6a1374ab67a1eddee879c8, type: 2}
  - {fileID: 1237893951067034, guid: 1560a742cf68a414a8300b10c348cc4e, type: 2}
  - {fileID: 1875996030797278, guid: c0af0e83886286343ae5020f50c5d8ad, type: 2}
  - {fileID: 1333774479103482, guid: 13c12399d93681f4ba0dcc22c891a873, type: 2}
  - {fileID: 1844327472620250, guid: 81c75c0a1ba299f48af5bcf51c33f1fd, type: 2}
  - {fileID: 1714087720867448, guid: 319ca4113ea407346ac8d6d549f6a1bb, type: 2}
  minAmountOfInstancesForEachPrefab: 010000000200000003000000010000000200000001000000
  maxAmountOfInstancesForEachPrefab: 080000000c00000009000000030000000600000004000000
  generatedObjects: []
--- !u!114 &114414092711452220
MonoBehaviour:
  m_ObjectHideFlags: 1
  m_PrefabParentObject: {fileID: 0}
  m_PrefabInternal: {fileID: 100100000}
  m_GameObject: {fileID: 1963895407697788}
  m_Enabled: 1
  m_EditorHideFlags: 0
  m_Script: {fileID: 11500000, guid: 583606fd4a313074788c858b39148f41, type: 3}
  m_Name: 
  m_EditorClassIdentifier: 
  Area:
    serializedVersion: 2
    x: 0
    y: 0
    width: 480
    height: 390
  PostProcess: {fileID: 11400000, guid: 291ee7c33957f0e429bdca2b5d92d49f, type: 2}
--- !u!114 &114476148273394350
MonoBehaviour:
  m_ObjectHideFlags: 1
  m_PrefabParentObject: {fileID: 0}
  m_PrefabInternal: {fileID: 100100000}
  m_GameObject: {fileID: 1902878191876560}
  m_Enabled: 1
  m_EditorHideFlags: 0
  m_Script: {fileID: 11500000, guid: be8153205f098a140a8fe13b18292ed4, type: 3}
  m_Name: 
  m_EditorClassIdentifier: 
  Radius: 30
  ItemRadius: 6
  MaxTries: 10
  listOfPrefabs:
  - {fileID: 1477951836158490, guid: 1d15154afd6a1374ab67a1eddee879c8, type: 2}
  - {fileID: 1237893951067034, guid: 1560a742cf68a414a8300b10c348cc4e, type: 2}
  - {fileID: 1875996030797278, guid: c0af0e83886286343ae5020f50c5d8ad, type: 2}
  - {fileID: 1333774479103482, guid: 13c12399d93681f4ba0dcc22c891a873, type: 2}
  - {fileID: 1844327472620250, guid: 81c75c0a1ba299f48af5bcf51c33f1fd, type: 2}
  - {fileID: 1714087720867448, guid: 319ca4113ea407346ac8d6d549f6a1bb, type: 2}
  minAmountOfInstancesForEachPrefab: 010000000200000003000000010000000200000001000000
  maxAmountOfInstancesForEachPrefab: 080000000c00000009000000030000000600000004000000
  generatedObjects: []
--- !u!114 &114482540197199996
MonoBehaviour:
  m_ObjectHideFlags: 1
  m_PrefabParentObject: {fileID: 0}
  m_PrefabInternal: {fileID: 100100000}
  m_GameObject: {fileID: 1005208903027582}
  m_Enabled: 1
  m_EditorHideFlags: 0
  m_Script: {fileID: 11500000, guid: be8153205f098a140a8fe13b18292ed4, type: 3}
  m_Name: 
  m_EditorClassIdentifier: 
  Radius: 105
  ItemRadius: 6
  MaxTries: 10
  listOfPrefabs:
  - {fileID: 1477951836158490, guid: 1d15154afd6a1374ab67a1eddee879c8, type: 2}
  - {fileID: 1237893951067034, guid: 1560a742cf68a414a8300b10c348cc4e, type: 2}
  - {fileID: 1875996030797278, guid: c0af0e83886286343ae5020f50c5d8ad, type: 2}
  - {fileID: 1333774479103482, guid: 13c12399d93681f4ba0dcc22c891a873, type: 2}
  - {fileID: 1844327472620250, guid: 81c75c0a1ba299f48af5bcf51c33f1fd, type: 2}
  - {fileID: 1714087720867448, guid: 319ca4113ea407346ac8d6d549f6a1bb, type: 2}
  minAmountOfInstancesForEachPrefab: 010000000200000003000000010000000200000001000000
  maxAmountOfInstancesForEachPrefab: 080000000c00000009000000030000000600000004000000
  generatedObjects: []
--- !u!114 &114546086782537224
MonoBehaviour:
  m_ObjectHideFlags: 1
  m_PrefabParentObject: {fileID: 0}
  m_PrefabInternal: {fileID: 100100000}
  m_GameObject: {fileID: 1880823556081214}
  m_Enabled: 1
  m_EditorHideFlags: 0
  m_Script: {fileID: 11500000, guid: be8153205f098a140a8fe13b18292ed4, type: 3}
  m_Name: 
  m_EditorClassIdentifier: 
  Radius: 105
  ItemRadius: 6
  MaxTries: 10
  listOfPrefabs:
  - {fileID: 1477951836158490, guid: 1d15154afd6a1374ab67a1eddee879c8, type: 2}
  - {fileID: 1237893951067034, guid: 1560a742cf68a414a8300b10c348cc4e, type: 2}
  - {fileID: 1875996030797278, guid: c0af0e83886286343ae5020f50c5d8ad, type: 2}
  - {fileID: 1333774479103482, guid: 13c12399d93681f4ba0dcc22c891a873, type: 2}
  - {fileID: 1844327472620250, guid: 81c75c0a1ba299f48af5bcf51c33f1fd, type: 2}
  - {fileID: 1714087720867448, guid: 319ca4113ea407346ac8d6d549f6a1bb, type: 2}
  minAmountOfInstancesForEachPrefab: 010000000200000003000000010000000200000001000000
  maxAmountOfInstancesForEachPrefab: 080000000c00000009000000030000000600000004000000
  generatedObjects: []
--- !u!114 &114561376686082220
MonoBehaviour:
  m_ObjectHideFlags: 1
  m_PrefabParentObject: {fileID: 0}
  m_PrefabInternal: {fileID: 100100000}
  m_GameObject: {fileID: 1843896509040356}
  m_Enabled: 1
  m_EditorHideFlags: 0
  m_Script: {fileID: 11500000, guid: be8153205f098a140a8fe13b18292ed4, type: 3}
  m_Name: 
  m_EditorClassIdentifier: 
  Radius: 105
  ItemRadius: 6
  MaxTries: 10
  listOfPrefabs:
  - {fileID: 1477951836158490, guid: 1d15154afd6a1374ab67a1eddee879c8, type: 2}
  - {fileID: 1237893951067034, guid: 1560a742cf68a414a8300b10c348cc4e, type: 2}
  - {fileID: 1875996030797278, guid: c0af0e83886286343ae5020f50c5d8ad, type: 2}
  - {fileID: 1333774479103482, guid: 13c12399d93681f4ba0dcc22c891a873, type: 2}
  - {fileID: 1844327472620250, guid: 81c75c0a1ba299f48af5bcf51c33f1fd, type: 2}
  - {fileID: 1714087720867448, guid: 319ca4113ea407346ac8d6d549f6a1bb, type: 2}
  minAmountOfInstancesForEachPrefab: 010000000200000003000000010000000200000001000000
  maxAmountOfInstancesForEachPrefab: 080000000c00000009000000030000000600000004000000
  generatedObjects: []
--- !u!114 &114577624619106030
MonoBehaviour:
  m_ObjectHideFlags: 1
  m_PrefabParentObject: {fileID: 0}
  m_PrefabInternal: {fileID: 100100000}
  m_GameObject: {fileID: 1868081955489718}
  m_Enabled: 1
  m_EditorHideFlags: 0
  m_Script: {fileID: 11500000, guid: 583606fd4a313074788c858b39148f41, type: 3}
  m_Name: 
  m_EditorClassIdentifier: 
  Area:
    serializedVersion: 2
    x: 0
    y: 0
    width: 1000
    height: 600
  PostProcess: {fileID: 11400000, guid: 86c9595c2f28b05499aa2f6799d9e2fc, type: 2}
--- !u!114 &114678163732355802
MonoBehaviour:
  m_ObjectHideFlags: 1
  m_PrefabParentObject: {fileID: 0}
  m_PrefabInternal: {fileID: 100100000}
  m_GameObject: {fileID: 1523797558344178}
  m_Enabled: 1
  m_EditorHideFlags: 0
  m_Script: {fileID: 11500000, guid: be8153205f098a140a8fe13b18292ed4, type: 3}
  m_Name: 
  m_EditorClassIdentifier: 
  Radius: 60
  ItemRadius: 6
  MaxTries: 10
  listOfPrefabs:
  - {fileID: 1477951836158490, guid: 1d15154afd6a1374ab67a1eddee879c8, type: 2}
  - {fileID: 1237893951067034, guid: 1560a742cf68a414a8300b10c348cc4e, type: 2}
  - {fileID: 1875996030797278, guid: c0af0e83886286343ae5020f50c5d8ad, type: 2}
  - {fileID: 1333774479103482, guid: 13c12399d93681f4ba0dcc22c891a873, type: 2}
  - {fileID: 1844327472620250, guid: 81c75c0a1ba299f48af5bcf51c33f1fd, type: 2}
  - {fileID: 1714087720867448, guid: 319ca4113ea407346ac8d6d549f6a1bb, type: 2}
  minAmountOfInstancesForEachPrefab: 010000000200000003000000010000000200000001000000
  maxAmountOfInstancesForEachPrefab: 080000000c00000009000000030000000600000004000000
  generatedObjects: []
--- !u!114 &114753918595939178
MonoBehaviour:
  m_ObjectHideFlags: 1
  m_PrefabParentObject: {fileID: 0}
  m_PrefabInternal: {fileID: 100100000}
  m_GameObject: {fileID: 1450301884620252}
  m_Enabled: 1
  m_EditorHideFlags: 0
  m_Script: {fileID: 11500000, guid: 9b43e7d83c0cf2449bdcdc50a9f40d81, type: 3}
  m_Name: 
  m_EditorClassIdentifier: 
  toScene: 1
--- !u!114 &114891391335270836
MonoBehaviour:
  m_ObjectHideFlags: 1
  m_PrefabParentObject: {fileID: 0}
  m_PrefabInternal: {fileID: 100100000}
  m_GameObject: {fileID: 1932699681080594}
  m_Enabled: 1
  m_EditorHideFlags: 0
  m_Script: {fileID: 11500000, guid: be8153205f098a140a8fe13b18292ed4, type: 3}
  m_Name: 
  m_EditorClassIdentifier: 
  Radius: 105
  ItemRadius: 6
  MaxTries: 10
  listOfPrefabs:
  - {fileID: 1477951836158490, guid: 1d15154afd6a1374ab67a1eddee879c8, type: 2}
  - {fileID: 1237893951067034, guid: 1560a742cf68a414a8300b10c348cc4e, type: 2}
  - {fileID: 1875996030797278, guid: c0af0e83886286343ae5020f50c5d8ad, type: 2}
  - {fileID: 1333774479103482, guid: 13c12399d93681f4ba0dcc22c891a873, type: 2}
  - {fileID: 1844327472620250, guid: 81c75c0a1ba299f48af5bcf51c33f1fd, type: 2}
  - {fileID: 1714087720867448, guid: 319ca4113ea407346ac8d6d549f6a1bb, type: 2}
  minAmountOfInstancesForEachPrefab: 010000000200000003000000010000000200000001000000
  maxAmountOfInstancesForEachPrefab: 080000000c00000009000000030000000600000004000000
  generatedObjects: []
--- !u!114 &114896457741519166
MonoBehaviour:
  m_ObjectHideFlags: 1
  m_PrefabParentObject: {fileID: 0}
  m_PrefabInternal: {fileID: 100100000}
  m_GameObject: {fileID: 1383431188630204}
  m_Enabled: 1
  m_EditorHideFlags: 0
  m_Script: {fileID: 11500000, guid: b3130e1a8854af24499ebc6187bceb84, type: 3}
  m_Name: 
  m_EditorClassIdentifier: 
  Prefabs:
  - {fileID: 21300000, guid: cb9572ef80aded348b052c19b78b8706, type: 3}
  - {fileID: 21300002, guid: cb9572ef80aded348b052c19b78b8706, type: 3}
  - {fileID: 21300006, guid: cb9572ef80aded348b052c19b78b8706, type: 3}
  - {fileID: 21300000, guid: 53020bed9345da64c9eb00ff6a52cf8d, type: 3}
  - {fileID: 21300008, guid: cb9572ef80aded348b052c19b78b8706, type: 3}
  MinStep: 8
  MaxStep: 30
--- !u!114 &114926275479464790
MonoBehaviour:
  m_ObjectHideFlags: 1
  m_PrefabParentObject: {fileID: 0}
  m_PrefabInternal: {fileID: 100100000}
  m_GameObject: {fileID: 1336807760512984}
  m_Enabled: 1
  m_EditorHideFlags: 0
  m_Script: {fileID: 11500000, guid: be8153205f098a140a8fe13b18292ed4, type: 3}
  m_Name: 
  m_EditorClassIdentifier: 
  Radius: 105
  ItemRadius: 6
  MaxTries: 10
  listOfPrefabs:
  - {fileID: 1477951836158490, guid: 1d15154afd6a1374ab67a1eddee879c8, type: 2}
  - {fileID: 1237893951067034, guid: 1560a742cf68a414a8300b10c348cc4e, type: 2}
  - {fileID: 1875996030797278, guid: c0af0e83886286343ae5020f50c5d8ad, type: 2}
  - {fileID: 1333774479103482, guid: 13c12399d93681f4ba0dcc22c891a873, type: 2}
  - {fileID: 1844327472620250, guid: 81c75c0a1ba299f48af5bcf51c33f1fd, type: 2}
  - {fileID: 1714087720867448, guid: 319ca4113ea407346ac8d6d549f6a1bb, type: 2}
  minAmountOfInstancesForEachPrefab: 010000000200000003000000010000000200000001000000
  maxAmountOfInstancesForEachPrefab: 080000000c00000009000000030000000600000004000000
  generatedObjects: []
--- !u!114 &114943897636286626
MonoBehaviour:
  m_ObjectHideFlags: 1
  m_PrefabParentObject: {fileID: 0}
  m_PrefabInternal: {fileID: 100100000}
  m_GameObject: {fileID: 1421244827830302}
  m_Enabled: 1
  m_EditorHideFlags: 0
  m_Script: {fileID: 11500000, guid: be8153205f098a140a8fe13b18292ed4, type: 3}
  m_Name: 
  m_EditorClassIdentifier: 
  Radius: 65
  ItemRadius: 6
  MaxTries: 10
  listOfPrefabs:
  - {fileID: 1477951836158490, guid: 1d15154afd6a1374ab67a1eddee879c8, type: 2}
  - {fileID: 1237893951067034, guid: 1560a742cf68a414a8300b10c348cc4e, type: 2}
  - {fileID: 1875996030797278, guid: c0af0e83886286343ae5020f50c5d8ad, type: 2}
  - {fileID: 1333774479103482, guid: 13c12399d93681f4ba0dcc22c891a873, type: 2}
  - {fileID: 1844327472620250, guid: 81c75c0a1ba299f48af5bcf51c33f1fd, type: 2}
  - {fileID: 1714087720867448, guid: 319ca4113ea407346ac8d6d549f6a1bb, type: 2}
  minAmountOfInstancesForEachPrefab: 010000000200000003000000010000000200000001000000
  maxAmountOfInstancesForEachPrefab: 080000000c00000009000000030000000600000004000000
  generatedObjects: []
--- !u!212 &212189404108737234
SpriteRenderer:
  m_ObjectHideFlags: 1
  m_PrefabParentObject: {fileID: 0}
  m_PrefabInternal: {fileID: 100100000}
  m_GameObject: {fileID: 1450301884620252}
  m_Enabled: 1
  m_CastShadows: 0
  m_ReceiveShadows: 0
  m_MotionVectors: 1
  m_LightProbeUsage: 1
  m_ReflectionProbeUsage: 1
  m_Materials:
  - {fileID: 10754, guid: 0000000000000000f000000000000000, type: 0}
  m_StaticBatchInfo:
    firstSubMesh: 0
    subMeshCount: 0
  m_StaticBatchRoot: {fileID: 0}
  m_ProbeAnchor: {fileID: 0}
  m_LightProbeVolumeOverride: {fileID: 0}
  m_ScaleInLightmap: 1
  m_PreserveUVs: 0
  m_IgnoreNormalsForChartDetection: 0
  m_ImportantGI: 0
  m_SelectedEditorRenderState: 0
  m_MinimumChartSize: 4
  m_AutoUVMaxDistance: 0.5
  m_AutoUVMaxAngle: 89
  m_LightmapParameters: {fileID: 0}
  m_SortingLayerID: 0
  m_SortingLayer: 0
  m_SortingOrder: 0
  m_Sprite: {fileID: 21300000, guid: 522cfd587f7f45a499a9ad83bf91df53, type: 3}
  m_Color: {r: 0.19852942, g: 0.80101407, b: 1, a: 0.659}
  m_FlipX: 0
  m_FlipY: 0
  m_DrawMode: 0
  m_Size: {x: 0.2, y: 0.2}
  m_AdaptiveModeThreshold: 0.5
  m_SpriteTileMode: 0
  m_WasSpriteAssigned: 1
  m_MaskInteraction: 0
--- !u!212 &212853290063939830
SpriteRenderer:
  m_ObjectHideFlags: 1
  m_PrefabParentObject: {fileID: 0}
  m_PrefabInternal: {fileID: 100100000}
  m_GameObject: {fileID: 1383431188630204}
  m_Enabled: 1
  m_CastShadows: 0
  m_ReceiveShadows: 0
  m_MotionVectors: 1
  m_LightProbeUsage: 1
  m_ReflectionProbeUsage: 1
  m_Materials:
  - {fileID: 10306, guid: 0000000000000000f000000000000000, type: 0}
  m_StaticBatchInfo:
    firstSubMesh: 0
    subMeshCount: 0
  m_StaticBatchRoot: {fileID: 0}
  m_ProbeAnchor: {fileID: 0}
  m_LightProbeVolumeOverride: {fileID: 0}
  m_ScaleInLightmap: 1
  m_PreserveUVs: 0
  m_IgnoreNormalsForChartDetection: 0
  m_ImportantGI: 0
  m_SelectedEditorRenderState: 0
  m_MinimumChartSize: 4
  m_AutoUVMaxDistance: 0.5
  m_AutoUVMaxAngle: 89
  m_LightmapParameters: {fileID: 0}
  m_SortingLayerID: 1319472355
  m_SortingLayer: -1
  m_SortingOrder: -100
  m_Sprite: {fileID: 21300000, guid: 5fb455ba366920341b8f2bb11201623a, type: 3}
  m_Color: {r: 0.42352942, g: 0.4862745, b: 0.13725491, a: 1}
  m_FlipX: 0
  m_FlipY: 0
  m_DrawMode: 2
  m_Size: {x: 110.47149, y: 63.94593}
  m_AdaptiveModeThreshold: 0.5
  m_SpriteTileMode: 0
  m_WasSpriteAssigned: 1
  m_MaskInteraction: 0
